<?xml version="1.0" encoding="UTF-8"?><record xmlns="http://www.loc.gov/MARC21/slim" xmlns:cinclude="http://apache.org/cocoon/include/1.0" xmlns:zs="http://www.loc.gov/zing/srw/">
  <leader>00414nz  a2200133n  4500</leader>
  <controlfield tag="001">no2005048705</controlfield>
  <controlfield tag="003">DLC</controlfield>
  <controlfield tag="005">20050525051800.0</controlfield>
  <controlfield tag="008">050524n| acannaabn          |n aaa     c</controlfield>
  <datafield tag="010" ind1=" " ind2=" ">
    <subfield code="a">no2005048705</subfield>
  </datafield>
  <datafield tag="035" ind1=" " ind2=" ">
    <subfield code="a">(OCoLC)oca06641964</subfield>
  </datafield>
  <datafield tag="040" ind1=" " ind2=" ">
    <subfield code="a">MsSM</subfield>
    <subfield code="b">eng</subfield>
    <subfield code="c">MsSM</subfield>
  </datafield>
  <datafield tag="100" ind1="1" ind2=" ">
    <subfield code="a">Fetters, Christopher Michael</subfield>
  </datafield>
  <datafield tag="670" ind1=" " ind2=" ">
    <subfield code="a">Evaluation of chromium mobility in an electrokinetic environment, 2004:</subfield>
    <subfield code="b">t.p. (Christopher Michael Fetters)</subfield>
  </datafield>
</record>